%% This BibTeX bibliography file was created using BibDesk.
%% http://bibdesk.sourceforge.net/

%% Created for Markus Heuchert at 2016-12-05 19:46:11 +0100 


%% Saved with string encoding Unicode (UTF-8) 



@book{Becker2012Gom,
	Author = {J\"{o}rg Becker and Wolfgang Probandt and Oliver Vering},
	Date-Added = {2016-12-05 09:46:10 +0000},
	Date-Modified = {2016-12-05 09:46:35 +0000},
	Doi = {10.1007/978-3-642-30412-5},
	Publisher = {Springer Nature},
	Title = {Grunds\"{a}tze ordnungsm\"{a}{\ss}iger Modellierung},
	Url = {http://dx.doi.org/10.1007/978-3-642-30412-5},
	Year = {2012},
	Bdsk-Url-1 = {http://dx.doi.org/10.1007/978-3-642-30412-5}}

@incollection{thomas2006refmod,
	Author = {Thomas, Oliver},
	Booktitle = {Ver{\"o}ffentlichungen des Instituts f{\"u}r Wirtschaftsinformatik im Deutschen Forschungszentrum f{\"u}r K{\"u}nstliche Intelligenz},
	Date-Added = {2016-12-05 07:53:48 +0000},
	Date-Modified = {2016-12-05 07:56:51 +0000},
	Editor = {Loos, Peter},
	Month = {1},
	Number = {187},
	Title = {Das Referenzmodellverst{\"a}ndnis in der Wirtschaftsinformatik: Historie, Literaturanalyse und Begriffsexplikation},
	Year = {2006}}

@article{VomBrocke2014a,
	Author = {vom Brocke, Jan and Schmiedel, Theresa and Recker, Jan and Trkman, Peter and Mertens, Willem and Viaene, Stijn},
	Doi = {10.1108/BPMJ-06-2013-0074},
	Issn = {1463-7154},
	Journal = {Business Process Management Journal},
	Keywords = {BPM,Principles,business process management,research agenda},
	Number = {4},
	Pages = {530--548},
	Title = {{Ten Principles of Good Business Process Management}},
	Volume = {20},
	Year = {2014},
	Bdsk-Url-1 = {http://dx.doi.org/10.1108/BPMJ-06-2013-0074}}

@incollection{Hammer2015,
	Address = {Berlin, Heidelberg},
	Author = {Hammer, Michael},
	Booktitle = {Handbook on Business Process Management 1},
	Chapter = {1},
	Edition = {2},
	Editor = {{Vom Brocke}, Jan and Rosemann, Micheal},
	Pages = {3--16},
	Publisher = {Springer},
	Title = {{What is Business Process Management?}},
	Year = {2015}}

@incollection{Becker2011,
	Address = {Berlin, Heidelberg},
	Author = {Becker, J\"{o}rg and Kahn, Dieter},
	Booktitle = {Process Management: A Guide for the Design of Business Processes},
	Edition = {2},
	Editor = {Becker, J\"{o}rg and Kugeler, Martin and Rosemann, Micheal},
	Pages = {1--13},
	Publisher = {Springer},
	Title = {{The Process in Focus}},
	Year = {2011}}

@techreport{Agnischock2015,
	Address = {G{\"{u}}tersloh},
	Author = {Agnischock, Hans-J. and Grobe, Sascha and Hanisch, Thorsten and Seifarth, Dirk and Wodarz, Roman},
	File = {:Users/markusheuchert/Dropbox/MA/Literature/Whitepaper/Omni-Channel{\_}Monitor{\_}EN.pdf:pdf},
	Institution = {Arvato},
	Pages = {52},
	Title = {{Omni-Channel Monitor 2015}},
	Year = {2015}}

@misc{APICS2015,
	Author = {APICS},
	Title = {{American Production and Inventory Control Society - Supply Chain Operations Reference model (SCOR)}},
	Url = {http://www.apics.org/sites/apics-supply-chain-council/frameworks/scor},
	Urldate = {2016-12-01},
	Year = {2015},
	Bdsk-Url-1 = {http://www.apics.org/sites/apics-supply-chain-council/frameworks/scor}}

@inproceedings{Becker2013,
	Abstract = {Within this article the prototype icebricks is described by its main characteristics which are layers of abstraction, attribution, reference models and semantic standardization by the use of a glossary. The layers are predefined in order to enhance the clarity and comparability of the processes. Attribution is used -- beside the layers of abstraction -- as means to reduce the complexity of the models by shifting information to analyzable and easily maintainable attributes instead of sophisticated control flows within the process elements. The glossary is inspired by the idea of model conventions. Each business object within it is defined once and can be used with defined activities as process building blocks within all models with the same semantic meaning. Furthermore, reference models are incorporated into the prototype to enable modelers with the possibility to create or derive purposeful models in a short period of time. The prototype was thoroughly and very successfully evaluated in its web based version in two process modeling projects aiming for process reorganization for an ERP system change and for a complete documentation of the process landscape for knowledge management.},
	Author = {Becker, J{\"{o}}rg and Clever, Nico and Holler, Justus and Shitkova, Maria},
	Booktitle = {Lecture Notes in Computer Science (including subseries Lecture Notes in Artificial Intelligence and Lecture Notes in Bioinformatics)},
	Doi = {10.1007/978-3-642-38827-9_27},
	Isbn = {9783642388262},
	Issn = {03029743},
	Keywords = {Building Block based Modeling,Business Process Management,Modeling Languages,Modeling Tools,Prototype},
	Pages = {394--399},
	Title = {{Icebricks: Business process modeling on the basis of semantic standardization}},
	Volume = {7939 LNCS},
	Year = {2013},
	Bdsk-Url-1 = {http://dx.doi.org/10.1007/978-3-642-38827-9_27}}

@article{Becker2013a,
	Abstract = {Within this article the prototype icebricks is described by its main characteristics which are layers of abstraction, attribution, reference models and semantic standardization by the use of a glossary. The layers are predefined in order to enhance the clarity and comparability of the processes. Attribution is used -- beside the layers of abstraction -- as means to reduce the complexity of the models by shifting information to analyzable and easily maintainable attributes instead of sophisticated control flows within the process elements. The glossary is inspired by the idea of model conventions. Each business object within it is defined once and can be used with defined activities as process building blocks within all models with the same semantic meaning. Furthermore, reference models are incorporated into the prototype to enable modelers with the possibility to create or derive purposeful models in a short period of time. The prototype was thoroughly and very successfully evaluated in its web based version in two process modeling projects aiming for process reorganization for an ERP system change and for a complete documentation of the process landscape for knowledge management.},
	Author = {Becker, J{\"{o}}rg and Clever, Nico and Holler, Justus and Shitkova, Maria},
	Doi = {10.1007/978-3-642-38827-9_27},
	File = {:Users/markusheuchert/Dropbox/MA/Literature/BPM/28{\_}icebricsk.pdf:pdf},
	Isbn = {9783642388262},
	Issn = {03029743},
	Journal = {Lecture Notes in Computer Science (including subseries Lecture Notes in Artificial Intelligence and Lecture Notes in Bioinformatics)},
	Keywords = {Building Block based Modeling,Business Process Management,Modeling Languages,Modeling Tools,Prototype},
	Pages = {394--399},
	Title = {{Icebricks: Business process modeling on the basis of semantic standardization}},
	Volume = {7939 LNCS},
	Year = {2013},
	Bdsk-Url-1 = {http://dx.doi.org/10.1007/978-3-642-38827-9_27}}

@incollection{Becker2007,
	Abstract = {Reference models have to be adapted to fit to the according application situation. In order to reduce the adaptation efforts, the concept of configurative reference modeling represents a promising approach. Nevertheless, since not every requirement of possible reference model users can be anticipated by the reference model developer, further model adaptations have to be performed. In order to support the reference model user decreasing his adaptation efforts by providing a higher methodological support, we propose to integrate generic model adaptation techniques with configurative reference modeling. Our paper presents recommendations for the construction of modeling languages that realize an integration of configurative and generic reference modeling.},
	Author = {Becker, J{\"{o}}rg and Delfmann, Patrick and Knackstedt, Ralf},
	Booktitle = {Reference Modeling: Efficient Information Systems Design Through Reuse of Information Models},
	Doi = {10.1007/978-3-7908-1966-3_2},
	Isbn = {9783790819656},
	Pages = {27--58},
	Title = {{Adaptive reference modeling: Integrating configurative and generic adaptation techniques for information models}},
	Year = {2007},
	Bdsk-Url-1 = {http://dx.doi.org/10.1007/978-3-7908-1966-3_2}}

@article{Becker2004,
	Abstract = {Referenzmodelle liefern Ausgangsl{\"{o}}sungen f{\"{u}}r projektspezifische Realisierungen und k{\"{o}}nnen damit einen Beitrag zur Erh{\"{o}}hung der Effizienz und Effektivit{\"{a}}t des Data-Warehousing leisten. - Es wird ein strukturierter {\"{U}}berblick {\"{u}}ber relevante Referenzl{\"{o}}sungen im Data-Warehousing geboten. - Die Entwicklung fachkonzeptioneller, konfigurierbarer Data-Warehouse-Referenzmodelle wird als wichtige Entwicklungsperspektive f{\"{u}}r die Forcierung des Einsatzes von Referenzmodellen im Data-Warehousing erkannt. - Die Konstruktion entsprechender Referenzmodelle unter Verwendung einer hierf{\"{u}}r entwickelten Modellierungstechnik wird anhand von Beispielen vorgestellt. - Die Anwendung der erhaltenen Referenzmodelle wird unter R{\"{u}}ckgriff auf ein Phasenmodell beschrieben.},
	Author = {Becker, J{\"{o}}rg and Knackstedt, Ralf},
	Doi = {10.1007/BF03250994},
	Isbn = {09376429},
	Issn = {09376429},
	Journal = {Wirtschaftsinformatik},
	Keywords = {Data-Warehousing,Fachkonzeption,Konfiguration,Metamodellierung,Modellvariantenmanagement,Multiperspektivit{\"{a}}t,Referenzmodellierung},
	Number = {1},
	Pages = {39--49},
	Title = {{Referenzmodellierung im Data-Warehousing --- State-of-the-Art und konfigurative Ans{\"{a}}tze f{\"{u}}r die Fachkonzeption}},
	Url = {http://dx.doi.org/10.1007/BF03250994},
	Volume = {46},
	Year = {2004},
	Bdsk-Url-1 = {http://dx.doi.org/10.1007/BF03250994}}

@book{Becker2004a,
	Address = {M{\"{u}}nchen},
	Author = {Becker, J{\"{o}}rg and Sch{\"{u}}tte, Reinhard},
	Edition = {2},
	Publisher = {MI Wirtschaftsbuch},
	Title = {{Handelsinformationssysteme}},
	Year = {2004}}

@book{Creswell2014,
	Abstract = {Creswell, J.W. (2003). Chapter One, A Framework for Design. Research design: Qualitative, quantitative, and mixed methods approaches. Thousand Oaks, CA: Sage Publications.},
	Archiveprefix = {arXiv},
	Arxivid = {arXiv:1011.1669v3},
	Author = {Creswell, J W},
	Booktitle = {SAGE Publications},
	Doi = {10.1007/s13398-014-0173-7.2},
	Eprint = {arXiv:1011.1669v3},
	Isbn = {9781452274614},
	Issn = {13514180},
	Pages = {398},
	Pmid = {15991970},
	Title = {{Research Design: Qualitative, Quantitative, and Mixed Methods Approaches}},
	Year = {2014},
	Bdsk-Url-1 = {http://dx.doi.org/10.1007/s13398-014-0173-7.2}}

@phdthesis{Delfmann2007,
	Author = {Delfmann, Patrick},
	School = {University of M{\"{u}}nster},
	Title = {{Adaptive Referenzmodellierung. Methodische Konzepte zur Konstruktion und Anwendung wiederverwendungsorientierter Informationsmodelle.}},
	Type = {PhD thesis},
	Year = {2007}}

@techreport{Deloitte2015,
	Author = {Deloitte},
	File = {:Users/markusheuchert/Dropbox/MA/Literature/Whitepaper/us-sdt-2015-executive-summary-for-gcc-survey copy.pdf:pdf},
	Title = {{Global Contact Center Survey}},
	Year = {2015}}

@misc{DimensionData2015,
	Author = {{Dimension Data}},
	Title = {{Global Contact Centre Benchmarking Summary Report}},
	Url = {https://www.dimensiondata.com/Global/Downloadable Documents/2015 Global Contact Centre Benchmarking Summary Report.pdf},
	Urldate = {2016-12-01},
	Year = {2015},
	Bdsk-Url-1 = {https://www.dimensiondata.com/Global/Downloadable%20Documents/2015%20Global%20Contact%20Centre%20Benchmarking%20Summary%20Report.pdf}}

@misc{DimensionData2016,
	Author = {{Dimension Data}},
	Title = {{Global Contact Centre Benchmark Summary Report}},
	Url = {http://dimensiondatacx.com/summary-report/},
	Urldate = {2016-12-01},
	Year = {2016},
	Bdsk-Url-1 = {http://dimensiondatacx.com/summary-report/}}

@inproceedings{Fettke2014,
	Address = {Paderborn},
	Author = {Fettke, Peter},
	Editor = {Kundisch, D and Suhl, L and Beckmann, L},
	Pages = {1035--1047},
	Publisher = {Tagungsband Multikonferenz Wirtschaftsinformatik 2014 (MKWI 2014)},
	Title = {{Eine Methode zur induktiven Entwicklung von Referenzmodellen}},
	Year = {2014}}

@article{Hevner2004,
	Abstract = {Two paradigms characterize much of the research in the Information Systems discipline: behavioral science and design science. The behavioral science paradigm seeks to develop and verify theories that explain or predict human or organizational behavior. The design-science paradigm seeks to extend the boundaries of human and organizational capabilities by creating new and innovative artifacts. Both paradigms are foundational to the IS discipline, positioned as it is at the confluence of people, organizations, and technology. Our objective is to describe the performance of design-science research in Information Systems via a concise conceptual framework and clear guidelines for understanding, executing, and evaluating the research. In the design-science paradigm, knowledge and understanding of a problem domain and its solution are achieved in the building and application of the designed artifact. Three recent exemplars in the research literature are used to demonstrate the application of these guidelines. We conclude with an analysis of the challenges of performing high-quality design-science research in the context of the broader IS community.},
	Archiveprefix = {arXiv},
	Arxivid = {http://dl.acm.org/citation.cfm?id=2017212.2017217},
	Author = {Hevner, Alan R and March, Salvatore T and Park, Jinsoo and Ram, Sudha},
	Doi = {10.2307/25148625},
	Eprint = {/dl.acm.org/citation.cfm?id=2017212.2017217},
	Isbn = {0276-7783},
	Issn = {02767783},
	Journal = {MIS Quarterly},
	Keywords = {Information Systems research methodologies,business environment,creativity,design artifact,design science,experimental methods,search strategies,technology infrastructure},
	Number = {1},
	Pages = {75--105},
	Pmid = {12581935},
	Primaryclass = {http:},
	Title = {{Design Science in Information Systems Research}},
	Url = {http://dblp.uni-trier.de/rec/bibtex/journals/misq/HevnerMPR04},
	Volume = {28},
	Year = {2004},
	Bdsk-Url-1 = {http://dblp.uni-trier.de/rec/bibtex/journals/misq/HevnerMPR04},
	Bdsk-Url-2 = {http://dx.doi.org/10.2307/25148625}}

@article{Koffer2014,
	Author = {K{\"{o}}ffer, Sebastian and Ortbach, Kevin and Niehaves, Bj{\"{o}}rn},
	Issn = {15293181},
	Journal = {Communications of the Association for Information Systems},
	Keywords = {Freedom of Choice.,IT Consumerization,Job Performance,Ownership},
	Pages = {261--284},
	Title = {{Exploring the Relationship between IT Consumerization and Job Performance}},
	Volume = {35},
	Year = {2014}}

@misc{Loudhouse2013,
	Author = {Loudhouse},
	Title = {{The omnichannel customer service gap}},
	Url = {https://d16cvnquvjw7pr.cloudfront.net/resources/whitepapers/Omnichannel-Customer-Service-Gap.pdf},
	Urldate = {2016-12-01},
	Year = {2013},
	Bdsk-Url-1 = {https://d16cvnquvjw7pr.cloudfront.net/resources/whitepapers/Omnichannel-Customer-Service-Gap.pdf}}

@incollection{Meise2001,
	Abstract = {Prozessmanagement ist eines der meist genannten Schlagw{\"{o}}rter, wenn die Sprache auf die Optimierung von Abl{\"{a}}ufen in Unternehmen kommt. Unter dieser {\"{U}}berschrift findet man eine Vielzahl von einzelnen Ans{\"{a}}tzen, welche jeweils ein Teilgebiet mehr oder minder intensiv behandeln. In der Regel fehlt aber eine {\"{u}}bergeordnete Verbindung zwischen den Teill{\"{o}}sungen. Werden Prozessoptimierungsprojekte dann in der Praxis eingesetzt, st{\"{o}}{\ss}t man schnell auf weiteres Problem: Durch die Vielzahl an zu betrachtenden Prozessen und deren Vernetzung untereinander erh{\"{o}}ht sich die Komplexit{\"{a}}t auf ein kaum noch zu beherrschendes Ma{\ss}. Es sind daher Methoden einzusetzen, welche sowohl die Komplexit{\"{a}}t reduzieren und handhabbar machen als auch durchg{\"{a}}ngig von den strategischen {\"{U}}berlegungen bei Projektbeginn bis zur endg{\"{u}}ltigen Implementierung der Prozesse eingesetzt werden k{\"{o}}nnen. Der Verfasser beschreibt in diesem Buch mit der Konstruktion von Ordnungsrahmen, wie Prozessmanagement-Projekte mit Hilfe der Prozessmodellierung durchg{\"{a}}ngig strukturiert und durchgef{\"{u}}hrt werden k{\"{o}}nnen. Die Ordnungsrahmen dienen dabei als Leitbild, welches die {\"{U}}berlegungen w{\"{a}}hrend der Projektphasen von den grundlegenden Strategieentscheidungen {\"{u}}ber die Kernprozessidentifikation bis zur Prozessimplementierung beleuchtet. Zudem wird eine Br{\"{u}}cke geschlagen zwischen der Prozessoptimierung, die aus Koordinationssicht sinnvoll erscheint, und der aus Mitarbeitersicht motivierenden Prozessgestaltung. Beispiele aus einem erfolgreich durchgef{\"{u}}hrten Praxisprojekt belegen die Umsetzungsn{\"{a}}he der erarbeiteten Vorschl{\"{a}}ge. Mit dieser Arbeit liegt ein Werk vor, das die von Schlagworten gepr{\"{a}}gte Prozessmanagement-Diskussion kritisch hinterfragt und auf der Grundlage realer Erfahrungen eine durchg{\"{a}}ngige methodische Basis f{\"{u}}r Reorganisationsprojekte vorschl{\"{a}}gt. Der Leser wird verst{\"{a}}ndlich durch die schrittweise aufgebaute Argumentation gef{\"{u}}hrt und mit praxistauglichen Vorschl{\"{a}}gen f{\"{u}}r die Umsetzung einer Prozessoptimierung versehen},
	Author = {Meise, Volker},
	Booktitle = {Ordnungsrahmen zur prozessorientierten Organisationsgestaltung: Modelle f{\"{u}}r das Management komplexer Reorganisationsprojekte},
	Isbn = {978-3-8300-0354-0},
	Keywords = {Informatik,Modellierung,Ordnungsrahmen,Organisationsgestaltung,Prozessmanagement,Prozessoptimierung,Reengineering,Reorganisation,prozessorientiert},
	Pages = {119--226},
	Title = {{Das Vorgehensmodell zur Konstruktion von Ordnungsrahmen zur prozessorientierten Organisationsgestaltung}},
	Year = {2001}}

@article{Peffers2007,
	Abstract = {The paper motivates, presents, demonstrates in use, and evaluates a methodology for conducting design science (DS) research in information systems. DS is of importance in a discipline oriented to the creation of successful artifacts. Several IS researchers have pioneered DS research in IS, yet over the last 15 years little DS research has been done within the discipline. The lack of a methodology to serve as a commonly accepted framework for DS research and of a template for its presentation may have contributed to its slow adoption. The design science research methodology (DSRM) presented here incorporates principles, practices, and procedures required to carry out such research and meets three objectives: it is consistent with prior literature, it provides a nominal process model for doing DS research, and it provides a mental model for presenting and evaluating DS research in IS. The DS process includes six steps: problem identification and motivation, definition of the objectives for a solution, design and development, demonstration, evaluation, and communication. We demonstrate and evaluate the methodology by presenting four case studies in terms of the DSRM, including cases that present the design of a database to support health assessment methods, a software reuse measure, an Internet video telephony application, and an IS planning method. The designed methodology effectively satisfies the three objectives and has the potential to help aid the acceptance of DS research in the IS discipline.},
	Author = {Peffers, Ken and Tuunanen, Tuure and Rothenberger, Marcus and Chatterjee, Samir},
	Doi = {10.2753/MIS0742-1222240302},
	Isbn = {1111111111},
	Issn = {0742-1222},
	Journal = {Journal of Management Information Systems},
	Keywords = {Design science,case study,design science research,design theory,mental model,methodology,process model},
	Number = {3},
	Pages = {45--77},
	Pmid = {28843849},
	Title = {{A design science research methodology for information systems research}},
	Url = {http://mesharpe.metapress.com/index/276818W6PN4T5483.pdf{\%}5Cnhttp://mesharpe.metapress.com/openurl.asp?genre=article{\&}id=doi:10.2753/MIS0742-1222240302},
	Volume = {24},
	Year = {2007},
	Bdsk-Url-1 = {http://dx.doi.org/10.2753/MIS0742-1222240302}}

@phdthesis{Puster2015,
	Address = {Berlin},
	Author = {P{\"{u}}ster, Johannes},
	Isbn = {9783832541712},
	Publisher = {Logos Verlag},
	Title = {{Prozessmodelle f{\"{u}}r Einzelhandel, Gro{\ss}handel und E-Commerce. Entwicklung eines Referenzmodells f{\"{u}}r Handelsinformationssysteme}},
	Type = {PhD thesis},
	Year = {2015}}

@article{Ramachandran2004,
	Author = {Ramachandran, K and Voleti, S},
	Journal = {Interfaces},
	Number = {1},
	Title = {{Business Process Outsourcing (BPO): Emerging Scenario and Strategic Options for IT-enabled Services}},
	Volume = {29},
	Year = {2004}}

@book{Scheer1997,
	Address = {Berlin},
	Author = {Scheer, A. W.},
	Edition = {7},
	Publisher = {Springer},
	Title = {{Wirtschaftsinformatik : Referenzmodelle f{\"u}r industrielle Gesch{\"a}ftsprozesse}},
	Year = {1997}}

@book{Schutte1998,
	Author = {Sch{\"{u}}tte, Reinhard},
	Booktitle = {Grunds{\"{a}}tze ordnungsm{\"{a}}{\ss}iger Referenzmodellierung: Konstruktion konfigurations- und anpassungsorientierter Modelle},
	Doi = {10.1007/978-3-663-10233-5},
	Isbn = {3-40912843-3},
	Pages = {138--319},
	Title = {{Grunds{\"{a}}tze ordnungsm{\"{a}}{\ss}iger Referenzmodellierung: Konstruktion konfigurations- und anpassungsorientierter Modelle}},
	Year = {1998},
	Bdsk-Url-1 = {http://dx.doi.org/10.1007/978-3-663-10233-5}}

@book{Stachowiak1973,
	Address = {Wien},
	Author = {Stachowiak, H},
	Publisher = {Springer},
	Title = {{Allgemeine Modelltheorie}},
	Year = {1973}}

@article{Taylor2005,
	Abstract = {In recent years prominent companies have migrated call centre services to India provoking much-publicized fears for the future of UK employment. This article challenges the widely-held assumption that offshoring voice services is a seamless undertaking, principally through an investigation of the Indian call centre labour process. This enquiry is informed initially by an analysis of the political-economic factors driving offshoring and shaping the forms of work organization to have emerged in India. A critical review of literature on call centre work organization provides a conceptual framework, through which Indian developments are analysed. Data comes from fieldwork conducted in India and a complete audit of the Scottish industry, through which UK trends can be evaluated. We conclude that the Indian industry reproduces in exaggerated and culturally-distinctive forms, a labour process that has proved problematical for employers and employees alike in the UK and elsewhere.},
	Author = {Taylor, P. and Bain, P.M.},
	Doi = {10.1177/0950017005053170},
	Issn = {0950-0170},
	Journal = {Work, Employment and Society},
	Keywords = {Management. Industrial Management},
	Number = {2},
	Pages = {261--282},
	Title = {{India calling to the far away towns: the call centre labour process and globalization}},
	Volume = {19},
	Year = {2005},
	Bdsk-Url-1 = {http://dx.doi.org/10.1177/0950017005053170}}

@article{Verhoef2015,
	Abstract = {The world of retailing has changed dramatically in the past decade. The advent of the online channel and new additional digital channels such as mobile channels and social media have changed retail business models, the execution of the retail mix, and shopper behavior. Whereas multi-channel was in vogue in the last decade in retailing, we now observe a move to so-called omni-channel retailing. Omni-channel retailing is taking a broader perspective on channels and how shoppers are influenced and move through channels in their search and buying process. We discuss this development conceptually and subsequently discuss existing research in this multi-channel retailing. We also introduce the articles in this special issue on multi-channel retailing and position these articles in the new omni-channel movement. We end with putting forward a research agenda to further guide future research in this area.},
	Author = {Verhoef, Peter C. and Kannan, P. K. and Inman, J. Jeffrey},
	Doi = {10.1016/j.jretai.2015.02.005},
	Isbn = {0022-4359},
	Issn = {00224359},
	Journal = {Journal of Retailing},
	Keywords = {Omni-channel,Online,Retail performance,Retail-mix},
	Number = {2},
	Pages = {174--181},
	Title = {{From Multi-Channel Retailing to Omni-Channel Retailing. Introduction to the Special Issue on Multi-Channel Retailing.}},
	Volume = {91},
	Year = {2015},
	Bdsk-Url-1 = {http://dx.doi.org/10.1016/j.jretai.2015.02.005}}

@book{VomBrocke2003,
	Abstract = {Kurzbeschreibung Referenzmodelle sind der Schl ssel zur wirtschaftlichen Konstruktion leistungsf higer Informationssysteme. Wie Informationsmodelle so zu konstruieren sind, dass sie der angestrebten Referenzfunktion in Theorie und Praxis gerecht werden, zeigt die vorliegende Arbeit. Jan vom Brocke entwickelt hierzu das Konzept der Verteilten Referenzmodellierung (VRM), in dem er innovative Ans tze des Software Engineering (z. B. Open Source und Component Based Software Engineering) f r die Referenzmodellierung erschlie t. Die Arbeit gibt umfangreiche Gestaltungsempfehlungen, nach denen Referenzmodelle im Netzwerkverbund verteilt agierender Akteure komponentenorientiert entwickelt und in Austausch- und Diskursprozessen flexibel an neue Anforderungen angepasst werden k nnen. Als Basis schafft Jan vom Brocke konzeptionelle Grundlagen zur Gestaltung von Konstruktionsprozessen und liefert eine differenzierte Analyse des State-of-the-Art der Referenzmodellierung. Die Arbeit von Jan vo},
	Author = {{Vom Brocke}, Jan},
	Booktitle = {Management Science},
	Isbn = {3832501797},
	Pages = {404},
	Pmid = {366861646},
	Title = {{Referenzmodellierung - Gestaltung und Verteilung von Konstruktionsprozessen}},
	Url = {http://books.google.de/books?hl=de{\&}lr={\&}id=5wV2Ol2Cw4gC{\&}oi=fnd{\&}pg=PR1{\&}dq=vom+Brocke+Referenzmodellierung{\&}ots=oEOxcQWG{\_}M{\&}sig=7wO1GKlkOm9E6GqxVurOWQtqccE},
	Volume = {4},
	Year = {2003},
	Bdsk-Url-1 = {http://books.google.de/books?hl=de%7B%5C&%7Dlr=%7B%5C&%7Did=5wV2Ol2Cw4gC%7B%5C&%7Doi=fnd%7B%5C&%7Dpg=PR1%7B%5C&%7Ddq=vom+Brocke+Referenzmodellierung%7B%5C&%7Dots=oEOxcQWG%7B%5C_%7DM%7B%5C&%7Dsig=7wO1GKlkOm9E6GqxVurOWQtqccE}}
